<?xml version="1.0" encoding="UTF-8"?><record xmlns="http://www.loc.gov/MARC21/slim" xmlns:cinclude="http://apache.org/cocoon/include/1.0" xmlns:zs="http://www.loc.gov/zing/srw/">
  <leader>00458nz  a2200145n  4500</leader>
  <controlfield tag="001">no2010077657</controlfield>
  <controlfield tag="003">DLC</controlfield>
  <controlfield tag="005">20100513080436.0</controlfield>
  <controlfield tag="008">100511n| acannaabn          |a aaa     c</controlfield>
  <datafield tag="010" ind1=" " ind2=" ">
    <subfield code="a">no2010077657</subfield>
  </datafield>
  <datafield tag="035" ind1=" " ind2=" ">
    <subfield code="a">(OCoLC)oca08489236</subfield>
  </datafield>
  <datafield tag="040" ind1=" " ind2=" ">
    <subfield code="a">SaPrUSA</subfield>
    <subfield code="b">eng</subfield>
    <subfield code="c">SaPrUSA</subfield>
  </datafield>
  <datafield tag="100" ind1="1" ind2=" ">
    <subfield code="a">GuĚstemeyer, Suse,</subfield>
    <subfield code="d">1940-</subfield>
  </datafield>
  <datafield tag="400" ind1="1" ind2=" ">
    <subfield code="a">Eberhard, Suse,</subfield>
    <subfield code="d">1940-</subfield>
  </datafield>
  <datafield tag="670" ind1=" " ind2=" ">
    <subfield code="a">Forchungs-ziele und-methoden im Bereich ... 1971:</subfield>
    <subfield code="b">t.p. (Suse GuĚstemeyer) vita (b. Eberhard, July 7, 1940)</subfield>
  </datafield>
</record>